@preamble{ "\newcommand{\sortnoop}[1]{}" }

@string{ cmame   = "Computer Methods in Applied Mechanics and Engineering" }

@string{ efm     = "Engineering Fracture Mechanics" }

@string{ fead    = "Finite Elements in Analysis and Design" }
