@unpublished{USNCCM15,
author = {B. Mazurowski and P. O'Hara and C. A. Duarte},
title = {Three-Dimensional Fracture Propagation in Anisotropic Materials Using the Generalized Finite Element Method},
date = {July 2019},
note = {USNCCM 15, Austin, Texas, USA}
}
@unpublished{USNCCM16,
author = {B. Mazurowski and P. O'Hara and C. A. Duarte},
title = {Modeling Crack Nucleation and Growth in Anisotropic Materials},
date = {July 2021},
note = {USNCCM 16, Virtual}
}
@unpublished{USNCCM17,
author = {B. Mazurowski and C. A. Duarte},
title = {A Generalized Finite Element Method for Multiscale Modeling of Nonlinear Composite Materials},
date = {July 2023},
note = {USNCCM 17, Albuquerque, NM, USA}
}
@unpublished{MFEM2022,
author = {B. Mazurowski and C. A. Duarte},
title = {A Generalized Finite Element Method for Multiscale Modeling of Composite Materials},
date = {September 2022},
note = {MFEM, Berkeley, CA, USA}
}
@unpublished{JANNAF2022,
author = {B. Mazurowski and P. O'Hara and W. Keith and C. A. Duarte},
title = {Multiscale Modeling of Ceramic Matrix Composites},
date = {June 2022},
note = {JANNAF: 39th Airbreathing Propulsion, Newport News, VA, USA}
}
@unpublished{EMI2024,
author = {B. Mazurowski and C. A. Duarte and P. O'Hara},
title = {Multiscale Modeling of Localized Damage in Ceramic Matrix Composite Structures with the Generalized Finite Element Method},
date = {May 2024},
note = {EMI, Chicago, IL, USA}
}