@article{2024_Bryce_GFEMgl_CMCBearing,
  author = {Mazurowski, B. and Przybyla, C. and C. A. Duarte},
  year = {Submitted},
  title = {Multiscale analysis of open holes and fasteners in {CMC}
    structures with the Generalized Finite Element Method},
  journal = {Composite Structures},
  volume = {},
  number = {},
  pages = {},
  doi = {},
  url = {},
  issn = {}
}
@Article{2024_Bryce_GFEMgl_Composites,
  author = {B. Mazurowski and P. Oâ€™Hara and C.A. Duarte},
  title = {On-the-fly multiscale analysis of composite materials with a Generalized Finite Element Method},
  journal = fead,
  year = {2024},
  volume = {236},
  pages = {104166},
  issn = {0168-874X},
  doi = {https://doi.org/10.1016/j.finel.2024.104166},
}
@InProceedings{Mazurowski2022,
  author       = {B. Mazurowski and W. Keith and P. O'Hara and C.A. Duarte},
  title        = {Multiscale Modeling of Ceramic Matrix Composites},
  booktitle    = {Proceedings of the 69$^{th}$ {JANNAF} Propulsion Meeting, 39$^{th}$ {JANNAF} Airbreathing Propulsion Subcommittee Meeting},
  year         = {2022},
  month        = {06},
  address      = {Newport News, Virginia},
  note = {14 pages}
}
@Article{2020_Bryce_DCM_Aniso, 
  author =       {Mazurowski, B. and Gupta, P. and O'Hara, P. and Duarte, C.A.},
  title =        {A Displacement Correlation Method for Stress Intensity Factor Extraction from 3D
  Fractures in Anisotropic Materials},
  journal =      efm,
  year =         {2021},
  volume =    {258},
  OPTnumber =    {},
  pages =     {108040},
  month =     {04},
  doi =    {10.1016/j.engfracmech.2021.108040}
}
@Article{2020_Bryce_HO_SGFEM_SIF_3D,
  author =       {Mazurowski, B. and Sanchez-Rivadeneira, A.G. and Shauer,
                  N. and Duarte, C.A.},
  title =        {High-Order Stable Generalized/eXtended Finite Element
                  Approximations for Accurate Stress Intensity Factors}, 
  journal =      efm,
  year =         {2021},
  OPTkey =       {},
  volume =    {241},
  OPTnumber =    {},
  pages =     {107308},
  OPTmonth =     {},
  doi =    {10.1016/j.engfracmech.2020.107308}
}
@Article{2019_AlfredoSR_SGFEM_pFEM_3D,
  author =       {Sanchez-Rivadeneira, A.G. and Shauer, N. and Mazurowski, B.P. and Duarte, C.A.},
  title =        {A Stable Generalized/eXtended p-hierarchical {FEM} for three-dimensional
                  Linear Elastic Fracture Mechanics},
  journal =      cmame,
  year =         {2020},
  volume = "364",
  pages = "112970",
  doi =               {10.1016/j.cma.2020.112970}
}
@MastersThesis{2019_Bryce_Mazurowski_Ortho_DCM_Thesis,
  author =       {B. P. Mazurowski},
  title =        {An Anisotropic Displacement Correlation Method for Extraction of Stress Intensity Factors from
  Three-Dimensional Fractures},
  school =       {University of Illinois at Urbana-Champaign},
  year =         {2019},
  OPTkey =       {},
  OPTtype =      {},
  OPTaddress =   {},
  month =     {May},
  OPTnote =      {},
  OPTannote =    {},
  url = {http://hdl.handle.net/2142/105238}
}
